% Encoding: UTF-8

@Book{lvov,
  author    = {Львовский С.М.},
  editor    = {-},
  publisher = {-},
  title     = {Набор и верстка в системе LATEX},
  year      = {2014},
}

@Misc{wiki,
   = {title = "Karatsuba algorithm", url = "http://www.wikipedia.org"},
}

@Comment{jabref-meta: databaseType:bibtex;}
